<record><leader>00000cas a22000007a 4500</leader><controlfield tag="001">9389222</controlfield><controlfield tag="008">830408d18991926mtuwr ne      0   a0eng d</controlfield><datafield ind1=" " ind2=" " tag="010"><subfield code="a">sn 83025323 </subfield></datafield><datafield ind1=" " ind2=" " tag="040"><subfield code="a">NPV</subfield><subfield code="b">eng</subfield><subfield code="c">NPV</subfield><subfield code="d">MTL</subfield><subfield code="d">DLC</subfield><subfield code="d">OCLCF</subfield></datafield><datafield ind1="0" ind2=" " tag="022"><subfield code="a">2332-7545</subfield><subfield code="2">1</subfield></datafield><datafield ind1="1" ind2=" " tag="029"><subfield code="a">AU@</subfield><subfield code="b">000025811496</subfield></datafield><datafield ind1=" " ind2=" " tag="042"><subfield code="a">msc</subfield><subfield code="a">nsdp</subfield></datafield><datafield ind1=" " ind2=" " tag="043"><subfield code="a">n-us-mt</subfield></datafield><datafield ind1=" " ind2=" " tag="045"><subfield code="a">w9x2</subfield></datafield><datafield ind1="0" ind2="0" tag="050"><subfield code="a">Newspaper</subfield></datafield><datafield ind1=" " ind2=" " tag="052"><subfield code="a">4253</subfield><subfield code="b">P5</subfield></datafield><datafield ind1="0" ind2="0" tag="082"><subfield code="a">071</subfield><subfield code="2">23</subfield></datafield><datafield ind1="0" ind2=" " tag="130"><subfield code="a">Enterprise (Malta, Mont.)</subfield></datafield><datafield ind1=" " ind2="4" tag="222"><subfield code="a">The enterprise</subfield><subfield code="b">(Malta, Mont. Print)</subfield></datafield><datafield ind1="1" ind2="4" tag="245"><subfield code="a">The enterprise.</subfield></datafield><datafield ind1="1" ind2="3" tag="246"><subfield code="a">Harlem enterprise</subfield></datafield><datafield ind1="1" ind2="3" tag="246"><subfield code="a">Malta enterprise</subfield></datafield><datafield ind1=" " ind2=" " tag="260"><subfield code="a">Harlem, Mont. :</subfield><subfield code="b">J.D.B. Greig,</subfield><subfield code="c">1899-1926.</subfield></datafield><datafield ind1=" " ind2=" " tag="300"><subfield code="a">28 v. :</subfield><subfield code="b">ill. ;</subfield><subfield code="c">56 cm.</subfield></datafield><datafield ind1=" " ind2=" " tag="310"><subfield code="a">Weekly</subfield></datafield><datafield ind1="0" ind2=" " tag="362"><subfield code="a">Vol. 1, no. 1 (May 13, 1899)-v. 28, no. 51 (Mar. 25, 1926).</subfield></datafield><datafield ind1=" " ind2=" " tag="500"><subfield code="a">Place of publication varies: Harlem, May 13, 1899-May 2, 1900; Malta, May 8, 1900-Mar. 25, 1926.</subfield></datafield><datafield ind1=" " ind2=" " tag="500"><subfield code="a">"Nonpartisan," May 13, 1899-May 2, 1900; "Republican," May 8, 1900-Mar. 25, 1926.</subfield></datafield><datafield ind1=" " ind2=" " tag="500"><subfield code="a">Editor: J.H. Mock, Sept. 19-Nov. 21, 1912.</subfield></datafield><datafield ind1=" " ind2=" " tag="580"><subfield code="a">Absorbed: Malta call (non-extant) (Dec. 23, 1920).</subfield></datafield><datafield ind1=" " ind2="0" tag="651"><subfield code="a">Harlem (Mont.)</subfield><subfield code="v">Newspapers.</subfield></datafield><datafield ind1=" " ind2="0" tag="651"><subfield code="a">Malta (Mont.)</subfield><subfield code="v">Newspapers.</subfield></datafield><datafield ind1=" " ind2="7" tag="655"><subfield code="a">Newspapers.</subfield><subfield code="2">fast</subfield><subfield code="0">(OCoLC)fst01423814</subfield></datafield><datafield ind1=" " ind2="7" tag="651"><subfield code="a">Montana</subfield><subfield code="z">Harlem.</subfield><subfield code="2">fast</subfield><subfield code="0">(OCoLC)fst01257819</subfield></datafield><datafield ind1=" " ind2="7" tag="651"><subfield code="a">Montana</subfield><subfield code="z">Malta.</subfield><subfield code="2">fast</subfield><subfield code="0">(OCoLC)fst01220459</subfield></datafield><datafield ind1="1" ind2=" " tag="700"><subfield code="a">Mock, J. H.</subfield></datafield><datafield ind1=" " ind2=" " tag="752"><subfield code="a">United States</subfield><subfield code="b">Montana</subfield><subfield code="c">Phillips</subfield><subfield code="d">Malta.</subfield></datafield><datafield ind1=" " ind2=" " tag="752"><subfield code="a">United States</subfield><subfield code="b">Montana</subfield><subfield code="c">Blaine</subfield><subfield code="d">Harlem.</subfield></datafield><datafield ind1="0" ind2="8" tag="776"><subfield code="i">Online version:</subfield><subfield code="t">Enterprise (Malta, Mont. : Online)</subfield><subfield code="x">2332-7553</subfield><subfield code="w">(DLC)  2013272188</subfield><subfield code="w">(OCoLC)865553599</subfield></datafield><datafield ind1="1" ind2="5" tag="780"><subfield code="t">Malta call</subfield><subfield code="g">Dec. 23, 1920</subfield></datafield><datafield ind1="0" ind2="7" tag="785"><subfield code="t">Phillips County news (Malta, Mont. : 1924)</subfield><subfield code="w">(DLC)sn 86075002</subfield><subfield code="w">(OCoLC)12996436</subfield></datafield><datafield ind1="0" ind2="7" tag="785"><subfield code="t">Phillips County news and the enterprise</subfield><subfield code="w">(DLC)sn 86075003</subfield><subfield code="w">(OCoLC)12996453</subfield></datafield><datafield ind1="4" ind2="1" tag="856"><subfield code="u">http://www.loc.gov/chroniclingamerica/lccn/sn83025323/issues</subfield></datafield></record>